@inproceedings{explicit,
  title={Explicit surface remeshing},
  author={Surazhsky, Vitaly and Gotsman, Craig},
  booktitle={Proceedings of the 2003 Eurographics/ACM SIGGRAPH symposium on Geometry processing},
  pages={20--30},
  year={2003},
  organization={Eurographics Association}
}

@inproceedings{geodesic,
  title={Geodesic polar coordinates on polygonal meshes},
  author={Melv{\ae}r, Eivind Lyche and Reimers, Martin},
  booktitle={Computer Graphics Forum},
  volume={31},
  number={8},
  pages={2423--2435},
  year={2012},
  organization={Wiley Online Library}
}

@misc{delaunay,
  title = {Edge Flip Algorithm for Delaunay Triangulation},
  author = {Ungor, Alper},
  howpublished = {\url{https://www.cise.ufl.edu/~ungor/delaunay/delaunay/node5.html}},
  note = {Accessed: 2016-12-16}
}

@misc{cgal,
  title = {Planar Parameterization of Triangulated Surface Meshes},
  author = {Saboret, Laurent and Alliez, Pierre and Levy, Bruno},
  howpublished = {\url{http://doc.cgal.org/latest/Surface_mesh_parameterization/index.html}},
  note = {Accessed: 2016-12-16}
}

